@article{rosenfeld1969, title={Picture Processing by Computer}, volume={1}, DOI={10.1145/356551.356554}, number={3}, journal={ACM Computing Surveys}, author={Rosenfeld, Azriel}, year={1969}, month={Jan}, pages={147â€“176}}